@misc{Wikipedia, 
    author = "Label Accessiweb",
    title = "Page de présentation de BrailleNet",
    url={https://fr.m.wikipedia.org/wiki/BrailleNet#Vers_une_m%C3%A9thode_d’application_d’ATAG}, 
    year = {2008},
    month = {Aug},
    journal={Wikipedia}, 
    publisher={Wikimedia Foundation}} ,
    foundation = "Wikimedia"
@misc{Gourvennec_2024, 
    title={Accessibilité des sites web}, 
    url=  {https://visionarymarketing.com/fr/2024/10/11/accessibilite-des-sites-web/}, 
    journal={Marketing and Innovation}, 
    author={Gourvennec, Yann}, 
    year={2024}, 
    month={Oct}}

@misc{Wagner_2022b, 
    title={Série noire pour une canne blanche - les captchas}, 
    url={https://open.spotify.com/episode/3tHq7PwVXXfajoeYE3rAE2?si=MKBvzmegR2CAJZYUYWNOtQ}, 
    journal={Spotify}, 
    author={Wagner, Lise}, 
    year={2022}, 
    month={May}} 
